%\cite{green}

@article{greenwade93,
    author  = "George D. Greenwade",
    title   = "The {C}omprehensive {T}ex {A}rchive {N}etwork ({CTAN})",
    year    = "1993",
    journal = "TUGBoat",
    volume  = "14",
    number  = "3",
    pages   = "342--351"
}

@article{dvxettuyen,
    author  = "Danh sách các đơn vị xét tuyển bằng kết quả Kỳ thi ĐGNL 2024",
    journal = "\\https://drive.google.com/file/d/1VflscsSKwWBc-e8E7lrp5rvLfwGVCYv7/view",
}

@article{apt_to_hsa,
    author  = "Nghiên cứu chuyển đổi điểm bài thi ĐGNL HSA và APT",
    journal = "\\https://drive.google.com/file/d/1Kjnmz5r0iAju8Dq6jpApsCwbemNeP0ew/view",
}

@article{thoigian_diadiem,
    author  = "Các mốc thời gian và địa điểm thi",
    journal = "\\https://drive.google.com/file/d/1iqjH75kTLP2AD6h64Okr9IbEUMOzB1hp/view",
}

@article{bo_de_thidgnl,
    author  = "Bộ đề ôn thi ĐGNL của Tuyensinh247",
    journal = "\\https://drive.google.com/drive/folders/16N420tzAbo66ixWhu8H-jjBNYDrvYO4j",
}

@article{phieuA4,
    author  = "Phiếu trả lời câu hỏi trắc nghiệm - giấy A4",
    journal = "\\https://drive.google.com/file/d/1IhtAQb20qTUOxD3zjC1bvKnkarBYnSok/view",
}

@article{appchamthi,
    author  = "App chấm trắc nghiệm",
    journal = "\\https://play.google.com/store/apps/details?id=com.quiz.marker",
}

@article{webdangki,
    author  = "Website đăng kí dự thi ĐGNL",
    journal = "\\https://thinangluc.vnuhcm.edu.vn/dgnl/",
}

@article{cetevnuhcm,
    author  = "Website Trung tâm Khảo thí và Đánh giá chất lượng đào tạo - ĐHQG-HCM",
    journal = "\\http://cete.vnuhcm.edu.vn/thi-danh-gia-nang-luc.html",
}

@article{demau2024,
    author  = "Đề mẫu kì thi ĐGNL năm 2024",
    journal = "\\https://drive.google.com/drive/folders/1quqiSNYWeNd82kpI_i8AZqXhY0alg23f",
}